<?xml version="1.0" encoding="UTF-8"?><collection xmlns="http://www.loc.gov/MARC21/slim"><record><leader>00495nam--2200193-u-4500</leader><controlfield tag="001">000052935</controlfield><controlfield tag="002">20161230</controlfield><controlfield tag="005">20161230201050</controlfield><controlfield tag="008">101130s1000------------r-----000-0-eng-d</controlfield><datafield ind1=" " ind2=" " tag="020"><subfield code="a">0444888233</subfield></datafield><datafield ind1=" " ind2=" " tag="040"><subfield code="a">IFIN-HH</subfield></datafield><datafield ind1=" " ind2=" " tag="080"><subfield code="a">535.43(042.4)</subfield></datafield><datafield ind1="1" ind2=" " tag="100"><subfield code="a">Patorski, K</subfield></datafield><datafield ind1="1" ind2="0" tag="245"><subfield code="a">Handbook of the moire fringe technique</subfield><subfield code="c">K. patorski; m. kujawinska</subfield></datafield><datafield ind1=" " ind2=" " tag="260"><subfield code="a">TOKYO</subfield><subfield code="b">Elsevier</subfield><subfield code="c">1993</subfield></datafield><datafield ind1=" " ind2=" " tag="300"><subfield code="a">431P</subfield></datafield><datafield ind1="1" ind2=" " tag="700"><subfield code="a">Kujawinska, M</subfield></datafield><datafield ind1=" " ind2=" " tag="852"><subfield code="a">81508</subfield><subfield code="c">535</subfield></datafield><datafield ind1=" " ind2=" " tag="CAT"><subfield code="a">Sys</subfield><subfield code="c">20101130</subfield><subfield code="h">082301</subfield></datafield></record></collection>